@article{
    kasegao2022great,
    author = {Kasegao, J.J.},
    title = {The Best Paper in 2022},
    journal = {Kasegao Journal},
    volume = {1919},
    number = {810},
    pages = {114-514},
    year = {2022}
}
